<record><leader>00000cas a22000007a 4500</leader><controlfield tag="001">18865130</controlfield><controlfield tag="008">881209d18751876mouwr ne      0    0eng d</controlfield><datafield ind1=" " ind2=" " tag="010"><subfield code="a">sn 88068125 </subfield></datafield><datafield ind1=" " ind2=" " tag="040"><subfield code="a">MQN</subfield><subfield code="b">eng</subfield><subfield code="c">MQN</subfield><subfield code="d">MXM</subfield><subfield code="d">OCLCQ</subfield><subfield code="d">OCLCF</subfield></datafield><datafield ind1=" " ind2=" " tag="042"><subfield code="a">msc</subfield></datafield><datafield ind1=" " ind2=" " tag="043"><subfield code="a">n-us-mo</subfield></datafield><datafield ind1="0" ind2="4" tag="245"><subfield code="a">The Appleton democrat.</subfield></datafield><datafield ind1="1" ind2="3" tag="246"><subfield code="a">Appleton City democrat</subfield></datafield><datafield ind1=" " ind2=" " tag="260"><subfield code="a">Appleton City, Mo. :</subfield><subfield code="b">J.R. Hopkins,</subfield><subfield code="c">1875-1876.</subfield></datafield><datafield ind1=" " ind2=" " tag="300"><subfield code="a">v.</subfield></datafield><datafield ind1=" " ind2=" " tag="310"><subfield code="a">Weekly</subfield></datafield><datafield ind1="0" ind2=" " tag="362"><subfield code="a">Vol. 1, no. 1 (Nov. 2, 1875)-v. 1, no. 27 (June 1, 1876).</subfield></datafield><datafield ind1=" " ind2="0" tag="651"><subfield code="a">Appleton City (Mo.)</subfield><subfield code="v">Newspapers.</subfield></datafield><datafield ind1=" " ind2="0" tag="651"><subfield code="a">Saint Clair County (Mo.)</subfield><subfield code="v">Newspapers.</subfield></datafield><datafield ind1=" " ind2="7" tag="655"><subfield code="a">Newspapers.</subfield><subfield code="2">fast</subfield><subfield code="0">(OCoLC)fst01423814</subfield></datafield><datafield ind1=" " ind2="7" tag="651"><subfield code="a">Missouri</subfield><subfield code="z">Appleton City.</subfield><subfield code="2">fast</subfield><subfield code="0">(OCoLC)fst01874177</subfield></datafield><datafield ind1=" " ind2="7" tag="651"><subfield code="a">Missouri</subfield><subfield code="z">Saint Clair County.</subfield><subfield code="2">fast</subfield><subfield code="0">(OCoLC)fst01222422</subfield></datafield><datafield ind1=" " ind2=" " tag="752"><subfield code="a">United States</subfield><subfield code="b">Missouri</subfield><subfield code="c">Saint Clair</subfield><subfield code="d">Appleton City.</subfield></datafield><datafield ind1="0" ind2="0" tag="780"><subfield code="t">Osceola democrat (Osceola, Mo. : 1873)</subfield><subfield code="w">(DLC)sn 89067069</subfield></datafield><datafield ind1="0" ind2="7" tag="785"><subfield code="t">Osceola sentinel (Osceola, Mo.)</subfield><subfield code="w">(DLC)sn 89067070</subfield></datafield><datafield ind1="0" ind2="7" tag="785"><subfield code="t">Sentinel-democrat</subfield><subfield code="w">(DLC)sn 87052198</subfield></datafield></record>